%% This BibTeX bibliography file was created using BibDesk.
%% http://bibdesk.sourceforge.net/


%% Created for JÃ¶rg Amelunxen at 2015-01-01 17:46:39 +0100 


%% Saved with string encoding Unicode (UTF-8) 



@article{Beck1999,
	Author = {Beck, K.},
	Date-Added = {2015-01-01 16:46:30 +0000},
	Date-Modified = {2015-01-01 16:46:39 +0000},
	Doi = {10.1109/2.796139},
	Issn = {0018-9162},
	Journal = {Computer},
	Keywords = {software engineering;cost;extreme programming;planning;software engineering;Anatomy;Costs;Programming profession;Relational databases;Software engineering;Software measurement;Software testing;Time measurement;Timing;Velocity measurement},
	Month = {Oct},
	Number = {10},
	Pages = {70-77},
	Title = {Embracing change with extreme programming},
	Volume = {32},
	Year = {1999},
	Bdsk-Url-1 = {http://dx.doi.org/10.1109/2.796139}}

@inproceedings{Williams2003,
	Acmid = {952364},
	Address = {Washington, DC, USA},
	Author = {Williams, Laurie and Maximilien, E. Michael and Vouk, Mladen},
	Booktitle = {Proceedings of the 14th International Symposium on Software Reliability Engineering},
	Date-Added = {2015-01-01 16:26:50 +0000},
	Date-Modified = {2015-01-01 16:27:03 +0000},
	Isbn = {0-7695-2007-3},
	Pages = {34--},
	Publisher = {IEEE Computer Society},
	Series = {ISSRE '03},
	Title = {Test-Driven Development As a Defect-Reduction Practice},
	Url = {http://dl.acm.org/citation.cfm?id=951952.952364},
	Year = {2003},
	Bdsk-Url-1 = {http://dl.acm.org/citation.cfm?id=951952.952364}}

@article{George2004,
	Abstract = {Test Driven Development (TDD) is a software development practice in which unit test cases are incrementally written prior to code implementation. We ran a set of structured experiments with 24 professional pair programmers. One group developed a small Java program using \{TDD\} while the other (control group), used a waterfall-like approach. Experimental results, subject to external validity concerns, tend to indicate that \{TDD\} programmers produce higher quality code because they passed 18% more functional black-box test cases. However, the \{TDD\} programmers took 16% more time. Statistical analysis of the results showed that a moderate statistical correlation existed between time spent and the resulting quality. Lastly, the programmers in the control group often did not write the required automated test cases after completing their code. Hence it could be perceived that waterfall-like approaches do not encourage adequate testing. This intuitive observation supports the perception that \{TDD\} has the potential for increasing the level of unit testing in the software industry. },
	Author = {Boby George and Laurie Williams},
	Date-Added = {2015-01-01 16:23:59 +0000},
	Date-Modified = {2015-01-01 16:27:14 +0000},
	Doi = {http://dx.doi.org/10.1016/j.infsof.2003.09.011},
	Issn = {0950-5849},
	Journal = {Information and Software Technology},
	Keywords = {Agile methodologies},
	Note = {Special Issue on Software Engineering, Applications, Practices and Tools from the \{ACM\} Symposium on Applied Computing 2003},
	Number = {5},
	Pages = {337 - 342},
	Title = {A structured experiment of test-driven development},
	Url = {http://www.sciencedirect.com/science/article/pii/S0950584903002040},
	Volume = {46},
	Year = {2004},
	Bdsk-Url-1 = {http://www.sciencedirect.com/science/article/pii/S0950584903002040},
	Bdsk-Url-2 = {http://dx.doi.org/10.1016/j.infsof.2003.09.011}}

@article{janzen2005,
	Author = {Janzen, David S and Saiedian, Hossein},
	Date-Added = {2015-01-01 16:13:07 +0000},
	Date-Modified = {2015-01-01 16:13:12 +0000},
	Journal = {Computer Science and Software Engineering},
	Pages = {33},
	Title = {Test-driven development: Concepts, taxonomy, and future direction},
	Year = {2005},
	Bdsk-File-1 = {YnBsaXN0MDDUAQIDBAUGJCVYJHZlcnNpb25YJG9iamVjdHNZJGFyY2hpdmVyVCR0b3ASAAGGoKgHCBMUFRYaIVUkbnVsbNMJCgsMDxJXTlMua2V5c1pOUy5vYmplY3RzViRjbGFzc6INDoACgAOiEBGABIAFgAdccmVsYXRpdmVQYXRoWWFsaWFzRGF0YV8QTC4uL3NvdXJjZXMvVGVzdC1Ecml2ZW4gRGV2ZWxvcG1lbnRfQ29uY2VwdHMgVGF4b25vbXlhbmQgRnV0dXJlIERpcmVjdGlvbi5wZGbSFwsYGVdOUy5kYXRhTxECPAAAAAACPAACAAAEaG9tZQAAAAAAAAAAAAAAAAAAAAAAAAAAAAAAzpVyD0grAAABAftaH1Rlc3QtRHJpdmVuIERldmVsb3AjMTAxRkNBQi5wZGYAAAAAAAAAAAAAAAAAAAAAAAAAAAAAAAAAAAAAAAAAAAEB/KvQyymuAAAAAAAAAAAAAQACAAAJIAAAAAAAAAAAAAAAAAAAAAdzb3VyY2VzAAAQAAgAAM6VY/8AAAARAAgAANDLG54AAAABABQBAftaAN5ixQDeYmgABPmeAAISdwACAFJob21lOlVzZXJzOgBqb3JnYW1lbHVueGVuOgBIaVA6ADNfVGhlc2lzOgBzb3VyY2VzOgBUZXN0LURyaXZlbiBEZXZlbG9wIzEwMUZDQUIucGRmAA4AhABBAFQAZQBzAHQALQBEAHIAaQB2AGUAbgAgAEQAZQB2AGUAbABvAHAAbQBlAG4AdABfAEMAbwBuAGMAZQBwAHQAcwAgAFQAYQB4AG8AbgBvAG0AeQBhAG4AZAAgAEYAdQB0AHUAcgBlACAARABpAHIAZQBjAHQAaQBvAG4ALgBwAGQAZgAPAAoABABoAG8AbQBlABIAalVzZXJzL2pvcmdhbWVsdW54ZW4vSGlQLzNfVGhlc2lzL3NvdXJjZXMvVGVzdC1Ecml2ZW4gRGV2ZWxvcG1lbnRfQ29uY2VwdHMgVGF4b25vbXlhbmQgRnV0dXJlIERpcmVjdGlvbi5wZGYAEwABLwAAFQACABT//wAAgAbSGxwdHlokY2xhc3NuYW1lWCRjbGFzc2VzXU5TTXV0YWJsZURhdGGjHR8gVk5TRGF0YVhOU09iamVjdNIbHCIjXE5TRGljdGlvbmFyeaIiIF8QD05TS2V5ZWRBcmNoaXZlctEmJ1Ryb290gAEACAARABoAIwAtADIANwBAAEYATQBVAGAAZwBqAGwAbgBxAHMAdQB3AIQAjgDdAOIA6gMqAywDMQM8A0UDUwNXA14DZwNsA3kDfAOOA5EDlgAAAAAAAAIBAAAAAAAAACgAAAAAAAAAAAAAAAAAAAOY}}

@url{GAA2015,
	Author = {Agile Alliance},
	Date-Added = {2015-01-01 16:04:42 +0000},
	Date-Modified = {2015-01-01 16:42:29 +0000},
	Title = {Guide to Agile Practices},
	Url = {http://guide.agilealliance.org/guide/tdd.html},
	Year = {2015},
	Bdsk-Url-1 = {http://guide.agilealliance.org/guide/tdd.html}}

@article{nerur2005,
	Author = {Nerur, Sridhar and Mahapatra, RadhaKanta and Mangalaraj, George},
	Date-Added = {2015-01-01 15:34:51 +0000},
	Date-Modified = {2015-01-01 15:35:16 +0000},
	Journal = {Communications of the ACM},
	Number = {5},
	Pages = {72--78},
	Publisher = {ACM},
	Title = {Challenges of migrating to agile methodologies},
	Volume = {48},
	Year = {2005},
	Bdsk-File-1 = {YnBsaXN0MDDUAQIDBAUGJCVYJHZlcnNpb25YJG9iamVjdHNZJGFyY2hpdmVyVCR0b3ASAAGGoKgHCBMUFRYaIVUkbnVsbNMJCgsMDxJXTlMua2V5c1pOUy5vYmplY3RzViRjbGFzc6INDoACgAOiEBGABIAFgAdccmVsYXRpdmVQYXRoWWFsaWFzRGF0YV8QGC4uL3NvdXJjZXMvcDcyLW5lcnVyLnBkZtIXCxgZV05TLmRhdGFPEQGOAAAAAAGOAAIAAARob21lAAAAAAAAAAAAAAAAAAAAAAAAAAAAAADOlXIPSCsAAAEB+1oNcDcyLW5lcnVyLnBkZgAAAAAAAAAAAAAAAAAAAAAAAAAAAAAAAAAAAAAAAAAAAAAAAAAAAAAAAAAAAAAAAAAAAQH7YdDLJz4AAAAAAAAAAAABAAIAAAkgAAAAAAAAAAAAAAAAAAAAB3NvdXJjZXMAABAACAAAzpVj/wAAABEACAAA0MsZLgAAAAEAFAEB+1oA3mLFAN5iaAAE+Z4AAhJ3AAIAQGhvbWU6VXNlcnM6AGpvcmdhbWVsdW54ZW46AEhpUDoAM19UaGVzaXM6AHNvdXJjZXM6AHA3Mi1uZXJ1ci5wZGYADgAcAA0AcAA3ADIALQBuAGUAcgB1AHIALgBwAGQAZgAPAAoABABoAG8AbQBlABIANlVzZXJzL2pvcmdhbWVsdW54ZW4vSGlQLzNfVGhlc2lzL3NvdXJjZXMvcDcyLW5lcnVyLnBkZgATAAEvAAAVAAIAFP//AACABtIbHB0eWiRjbGFzc25hbWVYJGNsYXNzZXNdTlNNdXRhYmxlRGF0YaMdHyBWTlNEYXRhWE5TT2JqZWN00hscIiNcTlNEaWN0aW9uYXJ5oiIgXxAPTlNLZXllZEFyY2hpdmVy0SYnVHJvb3SAAQAIABEAGgAjAC0AMgA3AEAARgBNAFUAYABnAGoAbABuAHEAcwB1AHcAhACOAKkArgC2AkgCSgJPAloCYwJxAnUCfAKFAooClwKaAqwCrwK0AAAAAAAAAgEAAAAAAAAAKAAAAAAAAAAAAAAAAAAAArY=}}

@article{Tre14,
	Author = {Trelle, T.},
	Date-Added = {2014-12-28 16:18:15 +0000},
	Date-Modified = {2014-12-28 16:19:18 +0000},
	Journal = {JavaMagazine},
	Pages = {56-62},
	Title = {MongoDB},
	Volume = {5},
	Year = {2014}}

@article{Ber07,
	Author = {Berczuk, S.},
	Date-Added = {2014-12-28 15:19:35 +0000},
	Date-Modified = {2014-12-28 15:21:43 +0000},
	Journal = {Agile Conference (AGILE), 2007},
	Pages = {382 - 388},
	Title = {Back to Basics: The Role of Agile Principles in Success with an Distributed Scrum Team},
	Year = {2007}}

@article{Mes07,
	Author = {Mesbah, A., van Deursen, A.},
	Date-Added = {2014-12-28 15:16:26 +0000},
	Date-Modified = {2014-12-28 15:17:46 +0000},
	Journal = {Software Maintenance and Reengineering, 2007. CSMR '07.},
	Pages = {181 - 190},
	Title = {Migrating Multi-page Web Applications to Single-page AJAX Interfaces},
	Year = {2007}}

@article{IEEEReq,
	Author = {IEEE},
	Doi = {10.1109/IEEESTD.1990.101064},
	Journal = {IEEE Std 610.12-1990},
	Keywords = {glossaries;software engineering;standards;IEEE Std 610.12-1990;software engineering terminology;standard glossary;Software engineering;Standards;Terminology;Definitions;Software engineering;dictionary;glossary;terminology},
	Month = {Dec},
	Pages = {1-84},
	Title = {IEEE Standard Glossary of Software Engineering Terminology},
	Year = {1990},
	Bdsk-Url-1 = {http://dx.doi.org/10.1109/IEEESTD.1990.101064}}

@article{Sut09,
	Author = {Sutherland, J. Jakobsen, C.},
	Date-Added = {2014-09-14 13:14:23 +0000},
	Date-Modified = {2014-09-14 13:16:26 +0000},
	Journal = {Agile Conference},
	Keywords = {MMI; Flow; Lean; measures; product owner; Scrum},
	Title = {Scrum and CMMI -- Going from Good to Great},
	Year = {2009},
	Bdsk-File-1 = {YnBsaXN0MDDUAQIDBAUGJCVYJHZlcnNpb25YJG9iamVjdHNZJGFyY2hpdmVyVCR0b3ASAAGGoKgHCBMUFRYaIVUkbnVsbNMJCgsMDxJXTlMua2V5c1pOUy5vYmplY3RzViRjbGFzc6INDoACgAOiEBGABIAFgAdccmVsYXRpdmVQYXRoWWFsaWFzRGF0YV8QOy4uLy4uLy4uL293bkNsb3VkL01hc3RlclRoZXNpcy8xX0xpdGVyYXR1ci9Hb2luZyUyMGZyb20ucGRm0hcLGBlXTlMuZGF0YU8RAbgAAAAAAbgAAgAABGhvbWUAAAAAAAAAAAAAAAAAAAAAAAAAAAAAAM6Vcg9IKwAAAL8zphBHb2luZyUyMGZyb20ucGRmAAAAAAAAAAAAAAAAAAAAAAAAAAAAAAAAAAAAAAAAAAAAAAAAAAAAAAAAAAAAAAAA3gCw0FdbhwAAAAAAAAAAAAMABAAACSAAAAAAAAAAAAAAAAAAAAALMV9MaXRlcmF0dXIAABAACAAAzpVj/wAAABEACAAA0Fc/ZwAAAAEAFAC/M6YAvreKAI4ZqwAE+Z4AAhJ3AAIAUGhvbWU6VXNlcnM6AGpvcmdhbWVsdW54ZW46AG93bkNsb3VkOgBNYXN0ZXJUaGVzaXM6ADFfTGl0ZXJhdHVyOgBHb2luZyUyMGZyb20ucGRmAA4AIgAQAEcAbwBpAG4AZwAlADIAMABmAHIAbwBtAC4AcABkAGYADwAKAAQAaABvAG0AZQASAEZVc2Vycy9qb3JnYW1lbHVueGVuL293bkNsb3VkL01hc3RlclRoZXNpcy8xX0xpdGVyYXR1ci9Hb2luZyUyMGZyb20ucGRmABMAAS8AABUAAgAU//8AAIAG0hscHR5aJGNsYXNzbmFtZVgkY2xhc3Nlc11OU011dGFibGVEYXRhox0fIFZOU0RhdGFYTlNPYmplY3TSGxwiI1xOU0RpY3Rpb25hcnmiIiBfEA9OU0tleWVkQXJjaGl2ZXLRJidUcm9vdIABAAgAEQAaACMALQAyADcAQABGAE0AVQBgAGcAagBsAG4AcQBzAHUAdwCEAI4AzADRANkClQKXApwCpwKwAr4CwgLJAtIC1wLkAucC+QL8AwEAAAAAAAACAQAAAAAAAAAoAAAAAAAAAAAAAAAAAAADAw==}}

@phdthesis{ham01,
	Author = {Hampel, T.},
	Date-Added = {2014-09-14 12:28:11 +0000},
	Date-Modified = {2014-09-14 12:29:05 +0000},
	School = {Universit{\"a}t Paderborn},
	Title = {Virtuelle Wissensr{\"a}ume},
	Year = {2001}}

@book{Bon10,
	Author = {Bondo, J.Barnard, D.,Burcow, D.},
	Date-Added = {2014-09-14 12:06:21 +0000},
	Date-Modified = {2014-09-14 12:11:19 +0000},
	Month = {June},
	Publisher = {Apress},
	Title = {iPhone User Interface Design Projects},
	Year = {2010}}

@inproceedings{max03,
	Author = {Maximilien, E. Michael. Williams, L.},
	Booktitle = {Software Engineering, 2003. Proceedings. 25th International Conference on},
	Date-Added = {2014-09-14 10:17:59 +0000},
	Date-Modified = {2014-09-14 10:20:26 +0000},
	Organization = {IEEE},
	Pages = {564--569},
	Title = {Assessing Test-Driven Development at IBM},
	Year = {2003},
	Bdsk-File-1 = {YnBsaXN0MDDUAQIDBAUGJCVYJHZlcnNpb25YJG9iamVjdHNZJGFyY2hpdmVyVCR0b3ASAAGGoKgHCBMUFRYaIVUkbnVsbNMJCgsMDxJXTlMua2V5c1pOUy5vYmplY3RzViRjbGFzc6INDoACgAOiEBGABIAFgAdccmVsYXRpdmVQYXRoWWFsaWFzRGF0YV8QVC4uLy4uLy4uL293bkNsb3VkL01hc3RlclRoZXNpcy8xX0xpdGVyYXR1ci9tYXhpbWlsaWVuVGVzdERyaXZlbkRldmVsb3BtZW50SUNTRTAzLnBkZtIXCxgZV05TLmRhdGFPEQIUAAAAAAIUAAIAAARob21lAAAAAAAAAAAAAAAAAAAAAAAAAAAAAADOlXIPSCsAAAC/M6YfbWF4aW1pbGllblRlc3REcml2ZW4jREUwMEIyLnBkZgAAAAAAAAAAAAAAAAAAAAAAAAAAAAAAAAAAAAAAAAAAAN4AstA7N9wAAAAAAAAAAAADAAQAAAkgAAAAAAAAAAAAAAAAAAAACzFfTGl0ZXJhdHVyAAAQAAgAAM6VY/8AAAARAAgAANA7G7wAAAABABQAvzOmAL63igCOGasABPmeAAISdwACAF9ob21lOlVzZXJzOgBqb3JnYW1lbHVueGVuOgBvd25DbG91ZDoATWFzdGVyVGhlc2lzOgAxX0xpdGVyYXR1cjoAbWF4aW1pbGllblRlc3REcml2ZW4jREUwMEIyLnBkZgAADgBUACkAbQBhAHgAaQBtAGkAbABpAGUAbgBUAGUAcwB0AEQAcgBpAHYAZQBuAEQAZQB2AGUAbABvAHAAbQBlAG4AdABJAEMAUwBFADAAMwAuAHAAZABmAA8ACgAEAGgAbwBtAGUAEgBfVXNlcnMvam9yZ2FtZWx1bnhlbi9vd25DbG91ZC9NYXN0ZXJUaGVzaXMvMV9MaXRlcmF0dXIvbWF4aW1pbGllblRlc3REcml2ZW5EZXZlbG9wbWVudElDU0UwMy5wZGYAABMAAS8AABUAAgAU//8AAIAG0hscHR5aJGNsYXNzbmFtZVgkY2xhc3Nlc11OU011dGFibGVEYXRhox0fIFZOU0RhdGFYTlNPYmplY3TSGxwiI1xOU0RpY3Rpb25hcnmiIiBfEA9OU0tleWVkQXJjaGl2ZXLRJidUcm9vdIABAAgAEQAaACMALQAyADcAQABGAE0AVQBgAGcAagBsAG4AcQBzAHUAdwCEAI4A5QDqAPIDCgMMAxEDHAMlAzMDNwM+A0cDTANZA1wDbgNxA3YAAAAAAAACAQAAAAAAAAAoAAAAAAAAAAAAAAAAAAADeA==}}

@phdthesis{Fielding2000,
	Author = {Fielding, Roy Thomas},
	Date-Modified = {2012-10-11 15:57:53 +0000},
	Isbn = {0-599-87118-0},
	Note = {AAI9980887},
	Publisher = {University of California, Irvine},
	School = {University of California, Irvine, USA},
	Title = {Architectural styles and the design of network-based software architectures},
	Year = {2000}}

@article{Azu97,
	Author = {Azuma, Ronald T.},
	Date-Added = {2014-09-13 10:12:41 +0000},
	Date-Modified = {2014-09-13 10:16:54 +0000},
	Journal = {In Presence: Teleoperators and Virtual Environments},
	Month = {August},
	Number = {4},
	Pages = {355-385},
	Title = {A Survey of Augmented Reality A Survey of Augmented Reality A Survey of Augmented Reality},
	Volume = {6},
	Year = {1997},
	Bdsk-File-1 = {YnBsaXN0MDDUAQIDBAUGJCVYJHZlcnNpb25YJG9iamVjdHNZJGFyY2hpdmVyVCR0b3ASAAGGoKgHCBMUFRYaIVUkbnVsbNMJCgsMDxJXTlMua2V5c1pOUy5vYmplY3RzViRjbGFzc6INDoACgAOiEBGABIAFgAdccmVsYXRpdmVQYXRoWWFsaWFzRGF0YV8QTC4uLy4uLy4uL293bkNsb3VkL01hc3RlclRoZXNpcy8xX0xpdGVyYXR1ci9BIFN1cnZleSBvZiBBdWdtZW50ZWQgUmVhbGl0eS5wZGbSFwsYGVdOUy5kYXRhTxEB/AAAAAAB/AACAAAEaG9tZQAAAAAAAAAAAAAAAAAAAAAAAAAAAAAAzpVyD0grAAAAvzOmH0EgU3VydmV5IG9mIEF1Z21lbnRlI0RFMDBBRi5wZGYAAAAAAAAAAAAAAAAAAAAAAAAAAAAAAAAAAAAAAAAAAADeAK/QOeTPAAAAAAAAAAAAAwAEAAAJIAAAAAAAAAAAAAAAAAAAAAsxX0xpdGVyYXR1cgAAEAAIAADOlWP/AAAAEQAIAADQOcivAAAAAQAUAL8zpgC+t4oAjhmrAAT5ngACEncAAgBfaG9tZTpVc2VyczoAam9yZ2FtZWx1bnhlbjoAb3duQ2xvdWQ6AE1hc3RlclRoZXNpczoAMV9MaXRlcmF0dXI6AEEgU3VydmV5IG9mIEF1Z21lbnRlI0RFMDBBRi5wZGYAAA4ARAAhAEEAIABTAHUAcgB2AGUAeQAgAG8AZgAgAEEAdQBnAG0AZQBuAHQAZQBkACAAUgBlAGEAbABpAHQAeQAuAHAAZABmAA8ACgAEAGgAbwBtAGUAEgBXVXNlcnMvam9yZ2FtZWx1bnhlbi9vd25DbG91ZC9NYXN0ZXJUaGVzaXMvMV9MaXRlcmF0dXIvQSBTdXJ2ZXkgb2YgQXVnbWVudGVkIFJlYWxpdHkucGRmAAATAAEvAAAVAAIAFP//AACABtIbHB0eWiRjbGFzc25hbWVYJGNsYXNzZXNdTlNNdXRhYmxlRGF0YaMdHyBWTlNEYXRhWE5TT2JqZWN00hscIiNcTlNEaWN0aW9uYXJ5oiIgXxAPTlNLZXllZEFyY2hpdmVy0SYnVHJvb3SAAQAIABEAGgAjAC0AMgA3AEAARgBNAFUAYABnAGoAbABuAHEAcwB1AHcAhACOAN0A4gDqAuoC7ALxAvwDBQMTAxcDHgMnAywDOQM8A04DUQNWAAAAAAAAAgEAAAAAAAAAKAAAAAAAAAAAAAAAAAAAA1g=}}

@url{wikimedia,
	Author = {Wikimedia-Foundation},
	Date-Added = {2014-09-13 10:04:50 +0000},
	Date-Modified = {2014-09-13 10:04:50 +0000},
	Howpublished = {Website, \url{https://www.wikimedia.de/wiki/\%C3\%9Cber_uns}, last checked 12.09.2014},
	Lastchecked = {12.09.2014},
	Title = {About us},
	Urldate = {https://www.wikimedia.de/wiki/%C3%9Cber_uns},
	Year = {2014}}

@url{junaio1,
	Author = {Junaio},
	Howpublished = {Slideshare presentation, \url{http://www.slideshare.net/metaio_AR/why-to-become-a-junaio-developer}, last checked 14.09.2014},
	Lastchecked = {14.09.2014},
	Title = {Why to become a Junaio developer},
	Urldate = {http://www.slideshare.net/metaio_AR/why-to-become-a-junaio-developer},
	Year = {2014}}

@url{wikitude,
	Author = {Wikitude},
	Howpublished = {Website, \url{http://www.wikitude.com/products/wikitude-sdk/}, last checked 14.09.2014},
	Lastchecked = {14.09.2014},
	Title = {Augmented Reality for multiple platforms},
	Urldate = {http://www.wikitude.com/products/wikitude-sdk/},
	Year = {2014}}

@article{Rodriguez2008,
	Author = {Rodriguez, Alex},
	Date-Modified = {2014-09-14 11:52:58 +0000},
	Howpublished = {\url{http://www.ibm.com/developerworks/webservices/library/ws-restful/}},
	Journal = {Online article in IBM DeveloperWorks Technical Library},
	Title = {RESTful Web services: The basics},
	Volume = {36},
	Year = {2008}}

@book{scrum,
	Author = {Schwaber, Ken and Beedle, Mike},
	Date-Modified = {2014-09-14 11:53:22 +0000},
	Publisher = {Pearson},
	Title = {Agile Software Development with Scrum},
	Year = {2002}}

@url{statIPhone,
	Author = {Statista},
	Date-Modified = {2014-09-13 10:05:35 +0000},
	Howpublished = {Website, \url{http://www.statista.com/statistics/263401/global-apple-iphone-sales-since-3rd-quarter-2007/}, last checked 13.09.2014},
	Lastchecked = {13.09.2014},
	Title = {Global Apple iPhone sales from 3rd quarter 2007 to 3rd quarter 2014 (in million units)},
	Urldate = {http://www.statista.com/statistics/263401/global-apple-iphone-sales-since-3rd-quarter-2007/},
	Year = {2014}}
