%% This BibTeX bibliography file was created using BibDesk.
%% http://bibdesk.sourceforge.net/


%% Created for JÃ¶rg Amelunxen at 2014-09-14 15:16:26 +0200 


%% Saved with string encoding Unicode (UTF-8) 



@article{Sut09,
	Author = {Sutherland, J. Jakobsen, C.},
	Date-Added = {2014-09-14 13:14:23 +0000},
	Date-Modified = {2014-09-14 13:16:26 +0000},
	Journal = {Agile Conference},
	Keywords = {MMI; Flow; Lean; measures; product owner; Scrum},
	Title = {Scrum and CMMI -- Going from Good to Great},
	Year = {2009},
	Bdsk-File-1 = {YnBsaXN0MDDUAQIDBAUGJCVYJHZlcnNpb25YJG9iamVjdHNZJGFyY2hpdmVyVCR0b3ASAAGGoKgHCBMUFRYaIVUkbnVsbNMJCgsMDxJXTlMua2V5c1pOUy5vYmplY3RzViRjbGFzc6INDoACgAOiEBGABIAFgAdccmVsYXRpdmVQYXRoWWFsaWFzRGF0YV8QHS4uL0xpdGVyYXR1ci9Hb2luZyUyMGZyb20ucGRm0hcLGBlXTlMuZGF0YU8RAbIAAAAAAbIAAgAABGhvbWUAAAAAAAAAAAAAAAAAAAAAAAAAAAAAAM6Vcg9IKwAAAL8zphBHb2luZyUyMGZyb20ucGRmAAAAAAAAAAAAAAAAAAAAAAAAAAAAAAAAAAAAAAAAAAAAAAAAAAAAAAAAAAAAAAAAv8dJ0DthcGFsaXNNQUNTAAEAAgAACSAAAAAAAAAAAAAAAAAAAAAJTGl0ZXJhdHVyAAAQAAgAAM6VY/8AAAARAAgAANA7RVAAAAABABQAvzOmAL63igCOGasABPmeAAISdwACAE5ob21lOlVzZXJzOgBqb3JnYW1lbHVueGVuOgBvd25DbG91ZDoATWFzdGVyVGhlc2lzOgBMaXRlcmF0dXI6AEdvaW5nJTIwZnJvbS5wZGYADgAiABAARwBvAGkAbgBnACUAMgAwAGYAcgBvAG0ALgBwAGQAZgAPAAoABABoAG8AbQBlABIARFVzZXJzL2pvcmdhbWVsdW54ZW4vb3duQ2xvdWQvTWFzdGVyVGhlc2lzL0xpdGVyYXR1ci9Hb2luZyUyMGZyb20ucGRmABMAAS8AABUAAgAU//8AAIAG0hscHR5aJGNsYXNzbmFtZVgkY2xhc3Nlc11OU011dGFibGVEYXRhox0fIFZOU0RhdGFYTlNPYmplY3TSGxwiI1xOU0RpY3Rpb25hcnmiIiBfEA9OU0tleWVkQXJjaGl2ZXLRJidUcm9vdIABAAgAEQAaACMALQAyADcAQABGAE0AVQBgAGcAagBsAG4AcQBzAHUAdwCEAI4ArgCzALsCcQJzAngCgwKMApoCngKlAq4CswLAAsMC1QLYAt0AAAAAAAACAQAAAAAAAAAoAAAAAAAAAAAAAAAAAAAC3w==}}

@phdthesis{ham01,
	Author = {Hampel, T.},
	Date-Added = {2014-09-14 12:28:11 +0000},
	Date-Modified = {2014-09-14 12:29:05 +0000},
	School = {Universit{\"a}t Paderborn},
	Title = {Virtuelle Wissensr{\"a}ume},
	Year = {2001}}

@book{Bon10,
	Author = {Bondo, J.Barnard, D.,Burcow, D.},
	Date-Added = {2014-09-14 12:06:21 +0000},
	Date-Modified = {2014-09-14 12:11:19 +0000},
	Month = {June},
	Publisher = {Apress},
	Title = {iPhone User Interface Design Projects},
	Year = {2010}}

@inproceedings{max03,
	Author = {Maximilien, E. Michael. Williams, L.},
	Booktitle = {Software Engineering, 2003. Proceedings. 25th International Conference on},
	Date-Added = {2014-09-14 10:17:59 +0000},
	Date-Modified = {2014-09-14 10:20:26 +0000},
	Organization = {IEEE},
	Pages = {564--569},
	Title = {Assessing Test-Driven Development at IBM},
	Year = {2003},
	Bdsk-File-1 = {YnBsaXN0MDDUAQIDBAUGJCVYJHZlcnNpb25YJG9iamVjdHNZJGFyY2hpdmVyVCR0b3ASAAGGoKgHCBMUFRYaIVUkbnVsbNMJCgsMDxJXTlMua2V5c1pOUy5vYmplY3RzViRjbGFzc6INDoACgAOiEBGABIAFgAdccmVsYXRpdmVQYXRoWWFsaWFzRGF0YV8QNi4uL0xpdGVyYXR1ci9tYXhpbWlsaWVuVGVzdERyaXZlbkRldmVsb3BtZW50SUNTRTAzLnBkZtIXCxgZV05TLmRhdGFPEQIOAAAAAAIOAAIAAARob21lAAAAAAAAAAAAAAAAAAAAAAAAAAAAAADOlXIPSCsAAAC/M6YfbWF4aW1pbGllblRlc3REcml2ZW4jQkY5OTEyLnBkZgAAAAAAAAAAAAAAAAAAAAAAAAAAAAAAAAAAAAAAAAAAAL+ZEtA7N9wAAAAAAAAAAAABAAIAAAkgAAAAAAAAAAAAAAAAAAAACUxpdGVyYXR1cgAAEAAIAADOlWP/AAAAEQAIAADQOxu8AAAAAQAUAL8zpgC+t4oAjhmrAAT5ngACEncAAgBdaG9tZTpVc2VyczoAam9yZ2FtZWx1bnhlbjoAb3duQ2xvdWQ6AE1hc3RlclRoZXNpczoATGl0ZXJhdHVyOgBtYXhpbWlsaWVuVGVzdERyaXZlbiNCRjk5MTIucGRmAAAOAFQAKQBtAGEAeABpAG0AaQBsAGkAZQBuAFQAZQBzAHQARAByAGkAdgBlAG4ARABlAHYAZQBsAG8AcABtAGUAbgB0AEkAQwBTAEUAMAAzAC4AcABkAGYADwAKAAQAaABvAG0AZQASAF1Vc2Vycy9qb3JnYW1lbHVueGVuL293bkNsb3VkL01hc3RlclRoZXNpcy9MaXRlcmF0dXIvbWF4aW1pbGllblRlc3REcml2ZW5EZXZlbG9wbWVudElDU0UwMy5wZGYAABMAAS8AABUAAgAU//8AAIAG0hscHR5aJGNsYXNzbmFtZVgkY2xhc3Nlc11OU011dGFibGVEYXRhox0fIFZOU0RhdGFYTlNPYmplY3TSGxwiI1xOU0RpY3Rpb25hcnmiIiBfEA9OU0tleWVkQXJjaGl2ZXLRJidUcm9vdIABAAgAEQAaACMALQAyADcAQABGAE0AVQBgAGcAagBsAG4AcQBzAHUAdwCEAI4AxwDMANQC5gLoAu0C+AMBAw8DEwMaAyMDKAM1AzgDSgNNA1IAAAAAAAACAQAAAAAAAAAoAAAAAAAAAAAAAAAAAAADVA==}}

@phdthesis{Fielding2000,
	Author = {Fielding, Roy Thomas},
	Date-Modified = {2012-10-11 15:57:53 +0000},
	Isbn = {0-599-87118-0},
	Note = {AAI9980887},
	Publisher = {University of California, Irvine},
	School = {University of California, Irvine, USA},
	Title = {Architectural styles and the design of network-based software architectures},
	Year = {2000}}

@article{Azu97,
	Author = {Azuma, Ronald T.},
	Date-Added = {2014-09-13 10:12:41 +0000},
	Date-Modified = {2014-09-13 10:16:54 +0000},
	Journal = {In Presence: Teleoperators and Virtual Environments},
	Month = {August},
	Number = {4},
	Pages = {355-385},
	Title = {A Survey of Augmented Reality A Survey of Augmented Reality A Survey of Augmented Reality},
	Volume = {6},
	Year = {1997},
	Bdsk-File-1 = {YnBsaXN0MDDUAQIDBAUGJCVYJHZlcnNpb25YJG9iamVjdHNZJGFyY2hpdmVyVCR0b3ASAAGGoKgHCBMUFRYaIVUkbnVsbNMJCgsMDxJXTlMua2V5c1pOUy5vYmplY3RzViRjbGFzc6INDoACgAOiEBGABIAFgAdccmVsYXRpdmVQYXRoWWFsaWFzRGF0YV8QLi4uL0xpdGVyYXR1ci9BIFN1cnZleSBvZiBBdWdtZW50ZWQgUmVhbGl0eS5wZGbSFwsYGVdOUy5kYXRhTxEB9gAAAAAB9gACAAAEaG9tZQAAAAAAAAAAAAAAAAAAAAAAAAAAAAAAzpVyD0grAAAAvzOmH0EgU3VydmV5IG9mIEF1Z21lbnRlI0JGMzNBQS5wZGYAAAAAAAAAAAAAAAAAAAAAAAAAAAAAAAAAAAAAAAAAAAC/M6rQOeStAAAAAAAAAAAAAQACAAAJIAAAAAAAAAAAAAAAAAAAAAlMaXRlcmF0dXIAABAACAAAzpVj/wAAABEACAAA0DnIjQAAAAEAFAC/M6YAvreKAI4ZqwAE+Z4AAhJ3AAIAXWhvbWU6VXNlcnM6AGpvcmdhbWVsdW54ZW46AG93bkNsb3VkOgBNYXN0ZXJUaGVzaXM6AExpdGVyYXR1cjoAQSBTdXJ2ZXkgb2YgQXVnbWVudGUjQkYzM0FBLnBkZgAADgBEACEAQQAgAFMAdQByAHYAZQB5ACAAbwBmACAAQQB1AGcAbQBlAG4AdABlAGQAIABSAGUAYQBsAGkAdAB5AC4AcABkAGYADwAKAAQAaABvAG0AZQASAFVVc2Vycy9qb3JnYW1lbHVueGVuL293bkNsb3VkL01hc3RlclRoZXNpcy9MaXRlcmF0dXIvQSBTdXJ2ZXkgb2YgQXVnbWVudGVkIFJlYWxpdHkucGRmAAATAAEvAAAVAAIAFP//AACABtIbHB0eWiRjbGFzc25hbWVYJGNsYXNzZXNdTlNNdXRhYmxlRGF0YaMdHyBWTlNEYXRhWE5TT2JqZWN00hscIiNcTlNEaWN0aW9uYXJ5oiIgXxAPTlNLZXllZEFyY2hpdmVy0SYnVHJvb3SAAQAIABEAGgAjAC0AMgA3AEAARgBNAFUAYABnAGoAbABuAHEAcwB1AHcAhACOAL8AxADMAsYCyALNAtgC4QLvAvMC+gMDAwgDFQMYAyoDLQMyAAAAAAAAAgEAAAAAAAAAKAAAAAAAAAAAAAAAAAAAAzQ=}}

@url{wikimedia,
	Author = {Wikimedia foundation},
	Date-Added = {2014-09-13 10:04:50 +0000},
	Date-Modified = {2014-09-13 10:04:50 +0000},
	Howpublished = {Website, \url{https://www.wikimedia.de/wiki/%C3%9Cber_uns}, last checked 12.09.2014},
	Lastchecked = {12.09.2014},
	Title = {About us},
	Urldate = {https://www.wikimedia.de/wiki/%C3%9Cber_uns}}

@url{junaio1,
	Author = {Junaio},
	Howpublished = {Slideshare presentation, \url{http://www.slideshare.net/metaio_AR/why-to-become-a-junaio-developer}, last checked 14.09.2014},
	Lastchecked = {14.09.2014},
	Title = {Why to become a Junaio developer},
	Urldate = {http://www.slideshare.net/metaio_AR/why-to-become-a-junaio-developer}}

@url{wikitude,
	Author = {Wikitude},
	Howpublished = {Website, \url{http://www.wikitude.com/products/wikitude-sdk/}, last checked 14.09.2014},
	Lastchecked = {14.09.2014},
	Title = {Augmented Reality for multiple platforms},
	Urldate = {http://www.wikitude.com/products/wikitude-sdk/}}

@article{Rodriguez2008,
	Author = {Rodriguez, Alex},
	Date-Modified = {2014-09-14 11:52:58 +0000},
	Howpublished = {\url{http://www.ibm.com/developerworks/webservices/library/ws-restful/}},
	Journal = {Online article in IBM DeveloperWorks Technical Library},
	Title = {RESTful Web services: The basics},
	Volume = {36},
	Year = 2008}

@book{scrum,
	Author = {Schwaber, Ken and Beedle, Mike},
	Date-Modified = {2014-09-14 11:53:22 +0000},
	Publisher = {Pearson},
	Title = {Agile Software Development with Scrum},
	Year = {2002}}

@url{statIPhone,
	Author = {Statista},
	Date-Modified = {2014-09-13 10:05:35 +0000},
	Howpublished = {Website, \url{http://www.statista.com/statistics/263401/global-apple-iphone-sales-since-3rd-quarter-2007/}, last checked 13.09.2014},
	Lastchecked = {13.09.2014},
	Title = {Global Apple iPhone sales from 3rd quarter 2007 to 3rd quarter 2014 (in million units)},
	Urldate = {http://www.statista.com/statistics/263401/global-apple-iphone-sales-since-3rd-quarter-2007/}}
